@article{linton2020epidemiological,
  title={Epidemiological characteristics of novel coronavirus infection: A statistical analysis of publicly available case data},
  author={Linton, Natalie M and Kobayashi, Tetsuro and Yang, Yichi and Hayashi, Katsuma and Akhmetzhanov, Andrei R and Jung, Sung-mok and Yuan, Baoyin and Kinoshita, Ryo and Nishiura, Hiroshi},
  journal={medRxiv},
  year={2020},
  publisher={Cold Spring Harbor Laboratory Press}
}

@article{JohnsHopkins,
	title={Novel Coronavirus (COVID-19) Cases, provided by JHU CSSE}, 
	author={},
	year={2020},
	url={https://github.com/CSSEGISandData/COVID-19}
}

@article{li2020substantial,
  title={Substantial undocumented infection facilitates the rapid dissemination of novel coronavirus (SARS-CoV2)},
  author={Li, Ruiyun and Pei, Sen and Chen, Bin and Song, Yimeng and Zhang, Tao and Yang, Wan and Shaman, Jeffrey},
  journal={Science},
  year={2020},
  publisher={American Association for the Advancement of Science}
}
